@ARTICLE{bowman:reasoning,
	AUTHOR = "Mic Bowman and Saumya K. Debray and Larry L. Peterson",
	TITLE = "Reasoning About Naming Systems",
	JOURNAL = "ACM Trans. Program. Lang. Syst.",
	VOLUME = {15},
	NUMBER = {5},
	PAGES = {795-825},
	MONTH = "November",
	YEAR = {1993}	}

@ARTICLE{braams:babel,
	AUTHOR = "Johannes Braams",
	TITLE = "Babel, a Multilingual Style-Option System for Use with LaTeX's Standard Document Styles",
	JOURNAL = {TUGboat},
	VOLUME = {12},
	NUMBER = {2},
	PAGES = {291-301},
	MONTH = "June",
	YEAR = {1991}	}

@INPROCEEDINGS{clark:pct,
	AUTHOR = "Malcolm Clark",
	TITLE = "Post Congress Tristesse",
	BOOKTITLE = "TeX90 Conference Proceedings",
	PAGES = "84-89",
	ORGANIZATION = "TeX Users Group",
	MONTH = "March", 
	YEAR = {1991}	}

@ARTICLE{herlihy:methodology,
	AUTHOR = "Maurice Herlihy",
	TITLE = "A Methodology for Implementing Highly Concurrent
	Data Objects",
	JOURNAL = {ACM Trans. Program. Lang. Syst.},
	VOLUME = {15},
	NUMBER = {5},
	PAGES = {745-770},
	MONTH = "November",
	YEAR = {1993}	}

@BOOK{Lamport:LaTeX,
	AUTHOR = "Leslie Lamport",
	TITLE = "LaTeX User's Guide and Document Reference Manual",
	PUBLISHER = "Addison-Wesley Publishing Company",
	ADDRESS = "Reading, Massachusetts",
	YEAR = "1986"	}

@BOOK{salas:calculus,
	AUTHOR = "S.L. Salas and Einar Hille",
	TITLE = "Calculus: One and Several Variable",
	PUBLISHER = "John Wiley and Sons",
	ADDRESS = "New York",
	YEAR = "1978"	}

@inproceedings{Dyer-Nguyen-Rajan-Nguyen-13,
  author = {Dyer, Robert and Nguyen, Hoan Anh and Rajan, Hridesh and Nguyen, Tien N.},
  title = {Boa: A Language and Infrastructure for Analyzing Ultra-Large-Scale Software Repositories}, 
  booktitle = {35th International Conference on Software Engineering},
  series = {ICSE 2013},
  month = {May},
  year = {2013},
  pages = {422--431},
  location = {San Francisco, CA},
}    

@inproceedings{falleri:hal-01054552,
  TITLE = {{Fine-grained and Accurate Source Code Differencing}},
  AUTHOR = {Falleri, Jean-R{\'e}my and Morandat, Flor{\'e}al and Blanc, Xavier and Martinez, Matias and Monperrus, Martin},
  URL = {https://hal.archives-ouvertes.fr/hal-01054552},
  BOOKTITLE = {{ASE 2014}},
  ADDRESS = {France},
  PAGES = {11 p.},
  YEAR = {2014},
  PDF = {https://hal.archives-ouvertes.fr/hal-01054552/file/main.pdf},
  HAL_ID = {hal-01054552},
  HAL_VERSION = {v1},
}

@article{pawlak:hal-01169705,
  TITLE = {Spoon: A Library for Implementing Analyses and Transformations of Java Source Code},
  AUTHOR = {Pawlak, Renaud and Monperrus, Martin and Petitprez, Nicolas and Noguera, Carlos and Seinturier, Lionel},
  JOURNAL = {Software: Practice and Experience},
  PUBLISHER = {Wiley-Blackwell},
  PAGES = {na},
  YEAR = {2015},
  doi = {10.1002/spe.2346},
  url = {https://hal.archives-ouvertes.fr/hal-01078532/document}
}

@inproceedings{Dyer:2014:MBA:2568225.2568295,
 author = {Dyer, Robert and Rajan, Hridesh and Nguyen, Hoan Anh and Nguyen, Tien N.},
 title = {Mining Billions of AST Nodes to Study Actual and Potential Usage of Java Language Features},
 booktitle = {Proceedings of the 36th International Conference on Software Engineering},
 series = {ICSE 2014},
 year = {2014},
 isbn = {978-1-4503-2756-5},
 location = {Hyderabad, India},
 pages = {779--790},
 numpages = {12},
 url = {http://doi.acm.org/10.1145/2568225.2568295},
 doi = {10.1145/2568225.2568295},
 acmid = {2568295},
 publisher = {ACM},
 address = {New York, NY, USA},
 keywords = {Java, empirical study, language feature use, software mining},
}

@inproceedings{Grechanik:2010:EIL:1852786.1852801,
 author = {Grechanik, Mark and McMillan, Collin and DeFerrari, Luca and Comi, Marco and Crespi, Stefano and Poshyvanyk, Denys and Fu, Chen and Xie, Qing and Ghezzi, Carlo},
 title = {An Empirical Investigation into a Large-scale Java Open Source Code Repository},
 booktitle = {Proceedings of the 2010 ACM-IEEE International Symposium on Empirical Software Engineering and Measurement},
 series = {ESEM '10},
 year = {2010},
 isbn = {978-1-4503-0039-1},
 location = {Bolzano-Bozen, Italy},
 pages = {11:1--11:10},
 articleno = {11},
 numpages = {10},
 url = {http://doi.acm.org/10.1145/1852786.1852801},
 doi = {10.1145/1852786.1852801},
 acmid = {1852801},
 publisher = {ACM},
 address = {New York, NY, USA},
 keywords = {empirical study, large-scale software, mining software repositories, open source, patterns, practice, software repository},
}

@inproceedings{Meyerovich:2013:EAP:2509136.2509515,
 author = {Meyerovich, Leo A. and Rabkin, Ariel S.},
 title = {Empirical Analysis of Programming Language Adoption},
 booktitle = {Proceedings of the 2013 ACM SIGPLAN International Conference on Object Oriented Programming Systems Languages \&\#38; Applications},
 series = {OOPSLA '13},
 year = {2013},
 isbn = {978-1-4503-2374-1},
 location = {Indianapolis, Indiana, USA},
 pages = {1--18},
 numpages = {18},
 url = {http://doi.acm.org/10.1145/2509136.2509515},
 doi = {10.1145/2509136.2509515},
 acmid = {2509515},
 publisher = {ACM},
 address = {New York, NY, USA},
 keywords = {programming language adoption, survey research},
} 

@article{Hoppe:2013:DBG:2544173.2509528,
 author = {Hoppe, Michael and Hanenberg, Stefan},
 title = {Do Developers Benefit from Generic Types?: An Empirical Comparison of Generic and Raw Types in Java},
 journal = {SIGPLAN Not.},
 issue_date = {October 2013},
 volume = {48},
 number = {10},
 month = oct,
 year = {2013},
 issn = {0362-1340},
 pages = {457--474},
 numpages = {18},
 url = {http://doi.acm.org/10.1145/2544173.2509528},
 doi = {10.1145/2544173.2509528},
 acmid = {2509528},
 publisher = {ACM},
 address = {New York, NY, USA},
 keywords = {empirical research, generic types, programming languages, type systems},
}

@inproceedings{Parnin:2011:JGA:1985441.1985446,
 author = {Parnin, Chris and Bird, Christian and Murphy-Hill, Emerson},
 title = {Java Generics Adoption: How New Features Are Introduced, Championed, or Ignored},
 booktitle = {Proceedings of the 8th Working Conference on Mining Software Repositories},
 series = {MSR '11},
 year = {2011},
 isbn = {978-1-4503-0574-7},
 location = {Waikiki, Honolulu, HI, USA},
 pages = {3--12},
 numpages = {10},
 url = {http://doi.acm.org/10.1145/1985441.1985446},
 doi = {10.1145/1985441.1985446},
 acmid = {1985446},
 publisher = {ACM},
 address = {New York, NY, USA},
 keywords = {generics, java, languages, post-mortem analysis},
}

@inproceedings{Gorschek:2010:LES:1806799.1806820,
 author = {Gorschek, Tony and Tempero, Ewan and Angelis, Lefteris},
 title = {A Large-scale Empirical Study of Practitioners' Use of Object-oriented Concepts},
 booktitle = {Proceedings of the 32Nd ACM/IEEE International Conference on Software Engineering - Volume 1},
 series = {ICSE '10},
 year = {2010},
 isbn = {978-1-60558-719-6},
 location = {Cape Town, South Africa},
 pages = {115--124},
 numpages = {10},
 url = {http://doi.acm.org/10.1145/1806799.1806820},
 doi = {10.1145/1806799.1806820},
 acmid = {1806820},
 publisher = {ACM},
 address = {New York, NY, USA},
 keywords = {encapsulation, inheritance depth, number of methods, survey},
} 

@InProceedings{KGSP09,
    author = {Eirini Kalliamvakou and Georgios Gousios and Diomidis Spinellis and Nancy Pouloudi},
    Title="Measuring Developer Contribution from Software Repository Data",
    Booktitle="MCIS 2009: 4th {M}editerranean Conference on Information Systems",
    Pages="600--611",
    Location="Athens, Greece",
    Month=sep,
    Year=2009,
    Editor="Poulymenakou, A. and Pouloudi, N. and Pramatari, K.",
    tags="",
    URL="http://www.dmst.aueb.gr/dds/pubs/conf/2009-MCIS-Quality/html/KGSP09.htm"
}

@inproceedings{Lammel:2011:LAA:1982185.1982471,
 author = {L\"{a}mmel, Ralf and Pek, Ekaterina and Starek, J\"{u}rgen},
 title = {Large-scale, AST-based API-usage Analysis of Open-source Java Projects},
 booktitle = {Proceedings of the 2011 ACM Symposium on Applied Computing},
 series = {SAC '11},
 year = {2011},
 isbn = {978-1-4503-0113-8},
 location = {TaiChung, Taiwan},
 pages = {1317--1324},
 numpages = {8},
 url = {http://doi.acm.org/10.1145/1982185.1982471},
 doi = {10.1145/1982185.1982471},
 acmid = {1982471},
 publisher = {ACM},
 address = {New York, NY, USA},
} 

@inproceedings{Kalliamvakou:2014:PPM:2597073.2597074,
 author = {Kalliamvakou, Eirini and Gousios, Georgios and Blincoe, Kelly and Singer, Leif and German, Daniel M. and Damian, Daniela},
 title = {The Promises and Perils of Mining GitHub},
 booktitle = {Proceedings of the 11th Working Conference on Mining Software Repositories},
 series = {MSR 2014},
 year = {2014},
 isbn = {978-1-4503-2863-0},
 location = {Hyderabad, India},
 pages = {92--101},
 numpages = {10},
 url = {http://doi.acm.org.login.ezproxy.library.ualberta.ca/10.1145/2597073.2597074},
 doi = {10.1145/2597073.2597074},
 acmid = {2597074},
 publisher = {ACM},
 address = {New York, NY, USA},
 keywords = {Mining software repositories, bias, code reviews, git, github},
}

@manual{Patrick:Wagstrom:2012,
 author = {Wagstrom, Patrick and Jergensen, Corey and Sarma, Anita},
 title = {Roles in a Networked Software Development Ecosystem: A Case Study in GitHub},
 booktitle = {Paper 149},
 series = {CSE Technical report},
 year = {2012},
 url = {http://digitalcommons.unl.edu/csetechreports/149},
 publisher = {ACM},
}